@article{Chin,
  title={Open-Source Conceptual Sizing Model of the Hyperloop Passenger Pod},
  author={Jeffrey Chin, Justin Gray, Scott Jones, Jeffrey Berton},
  journal={AIAA Science and Technoloy Exposition},
  year={2014}
}

@misc{Musk,
author = {Elon Musk},
title = {Hyperloop Alpha},
howpublished = {Website},
url = {http://www.spacex.com/sites/spacex/files/hyperloop_alpha.pdf},
year = {2013},
month = {August},
day = {12},
}

@article{gray2013standard,
  title={Standard platform for Benchmarking Multidisciplinary Design Analysis and Optimization Architectures},
  author={Gray, Justin and Moore, Kenneth T and Hearn, Tristan A and Naylor, Bret A},
  journal={AIAA journal},
  volume={51},
  number={10},
  pages={2380--2394},
  year={2013},
  publisher={American Institute of Aeronautics and Astronautics}.
  pdf={http://openmdao.org/publications/Gray_Moore_OpenMDAO_Benchmarking.pdf}
}

@article{sagerser1971empirical,
  title={Empirical expressions for estimating length and weight of axial-flow components of VTOL powerplants},
  author={Sagerser, David A and Lieblein, Seymour and Krebs, Richard P},
  year={1971}
}

@article{inductrack,
  title={Magnetic levitation train technology 1},
  author={Friend, Paul},
  journal={progress report, Bradley university},
  year={2004},
  publisher={Citeseer}
}
